2508 3576
1027 16 1136 56 „-
1237 8 1278 68 4
1333 18 1453 56 ..-

213 157 339 215 isque
350 157 476 202 lure
494 172 592 203 suo.
676 156 819 202 Recte
849 157 965 201 enim
988 153 1236 211 defendit,
1270 172 1411 217 posse
1433 164 1480 204 et
1506 157 1777 216 magbtrun'
1783 157 1977 218 aliquan
2004 166 2066 206 'et
2075 160 2194 208 eiua
2196 161 2301 230 dias

214 225 409 284 cipulum
456 242 547 271 uua
592 225 830 285 postmodo
875 227 1104 283 magistros
1132 239 1421 271 communes
1437 226 1540 272 fieri
1565 229 1695 273 tertii
1727 227 1938 274 alicuius
1933 228 2195 283 hoemisst:
2215 216 2302 288 jhs

214 296 352 339 tuisse
382 311 485 353 ergo
515 297 645 340 etiam
675 293 1014 352 Philadelphum
1043 292 1173 338 simul
1199 300 1246 339 et
1273 308 1300 338 a
1340 292 1513 340 Phileta
1548 301 1594 340 et
1630 295 1690 341 ab
1730 312 1810 352 eo,
1844 299 1943 357 qui
1962 294 2205 344 Μαι·
2213 297 2301 344 ὧι-

211 363 386 410 buisset
414 371 768 423 praeceptorem,
814 363 1048 408 Zenodoto
1080 362 1259 408 erudiri.-
1316 362 1448 421 Quae
1475 377 1576 409 cum
1603 366 1851 413 verissima
1864 365 1975 424 sint,
2008 379 2147 425 ..τρο
2173 367 2302 425 qni·

214 432 337 486 dem,
396 432 561 478 Suida'e
608 433 747 478 verba
794 439 872 478 aut
921 432 1130 477 mutanda
1182 445 1280 478 esse
1319 438 1398 477 aut
1434 431 1768 491 detorquenda,
1822 437 1955 483 inmo
1986 437 2049 482 ita
2086 433 2341 496 intem]

214 503 368 554 tandm,
427 510 477 546 ut
525 510 756 547 contextus
805 505 1000 562 ipsorum
1048 502 1198 558 iubet,
1256 504 1283 546 i.
1313 517 1351 547 e.
1376 501 1556 556 credo,
1612 501 1966 565 lexioegraphum
2004 506 2093 552 boe
2127 504 2300 551 dicere·

213 573 475 616 Zenodotus
506 573 750 616 Ptolemaei
789 574 919 616 Primi
956 572 1120 616 liberos
1160 574 1371 624 instituit,
1426 573 1544 616 inter
1571 586 1649 616 eos
1687 579 1733 616 ct
1770 575 1915 633 ipsum
1953 574 2300 636 Philadelphum.

216 643 362 699 Quam
393 644 657 689 sententiam
687 643 891 700 equidem
925 644 1055 685 etiam
1098 649 1336 700 propterea
1365 641 1588 686 mordicus
1619 642 1858 687 tenendam
1878 644 2108 698 arbitror,
2177 644 2302 704 quod

215 719 334 765 aetas
381 711 556 755 illorum
605 711 829 754 hominum
878 711 942 755 nil
994 719 1221 769 repugnat.
1305 712 1388 756 Eat
1434 713 1551 756 enim
1598 710 1980 767 verisimillimum,
2048 728 2109 761 nc
2156 709 2300 761 dicam

215 783 522 831 certissimum,
579 788 733 824 natum
760 796 857 824 esse
888 781 1188 825 Ptolemaeum
1219 780 1475 826 Secundum
1505 796 1561 825 eo
1591 789 1814 841 tempore,
1868 797 1959 840 quc
1995 790 2123 842 pater
2158 779 2300 830 clauae

217 850 538 908 expeditionem
588 858 742 893 eontra
786 852 1056 907 Antigonum
1107 850 1302 894 faciebat
1347 858 1392 895 et
1438 850 1795 896 Halicarnassum
1840 851 2051 911 oppidum
2096 859 2191 898 erat
2226 866 2302 898 ‹2¹⁴›>

214 927 510 978 pugnaturus,
570 920 611 961 h.
628 935 663 962 e.
697 934 815 962 anuo
847 928 950 962 ante
980 919 1210 963 Christum
1239 921 1549 965 trecentesimo
1577 934 1723 973 nono,
1778 935 1877 964 cum
1905 922 2013 979 Lagi
2041 921 2161 967 filius
2190 937 2298 980 qua-

217 989 460 1035 tuordeeim
516 989 614 1031 iam'
657 1003 799 1032 anuos
854 990 1184 1046 regnasset23).
1268 990 1410 1047 Atqui
1459 991 1499 1033 si
1547 991 1777 1050 ponimus,
1849 990 2113 1050 adspexisse
2151 993 2300 1037 Zeno-

217 1060 368 1102 dotum
398 1060 511 1100 hanc
540 1058 682 1101 lucem
714 1058 825 1101 coeli
856 1060 1039 1101 ineunte
1069 1057 1187 1101 illius
1215 1060 1327 1115 regis
1355 1060 1555 1117 imperio,
1611 1061 1786 1118 circiter
1811 1074 1930 1105 anno
1959 1060 2139 1120 Olymp.
2160 1061 2322 1116 CXV,‘

217 1131 279 1179 1.,
337 1130 428 1171 sive
462 1143 579 1173 anno
612 1130 922 1172 trecentesimo
952 1129 1160 1172 vicesimo
1192 1137 1233 1171 a.'
1262 1127 1370 1172 Chr.
1401 1144 1469 1180 n.‚
1525 1130 1563 1173 is
1593 1128 1847 1185 quindecim
1875 1129 1970 1174 sere
1999 1133 2126 1176 annis
2160 1134 2302 1183 maior

218 1198 298 1240 luit
340 1197 629 1255 Philadelpho
674 1199 825 1254 itaque
866 1212 975 1241 sane
1019 1197 1118 1240 fieri
1163 1199 1308 1255 potuit
1351 1195 1629 1255 Philadelphi
1671 1198 1887 1254 magister.
1973 1199 2101 1256 Quin
2139 1204 2301 1259 potuit,=

218 1269 386 1311 etiamsi
423 1268 557 1310 sumis
599 1281 698 1311 eum
734 1266 937 1324 pluribus
975 1268 1103 1311 annis
1141 1267 1358 1311 iuniorem
1395 1266 1545 1312 fuisse.
1628 1266 1792 1324 Neque
1839 1268 1954 1312 enim
1998 1283 2099 1315 raro
2145 1271 2302 1329 reguli,

215 1338 253 1381 si
283 1325 496 1381 luxuriosi
520 1338 593 1390 24)
625 1343 730 1380 sunt
760 1343 897 1393 atque
927 1336 1176 1380 industriae
1204 1342 1249 1380 et
1276 1333 1479 1381 laborum
1515 1333 1777 1380 insolentes
1797 1350 1851 1380 ac
1895 1337 2139 1392 fastidiosi,
2197 1355 2300 1386 sero

217 1406 393 1450 demum
422 1407 602 1464 sapiunt
632 1404 907 1463 aliorumque
942 1407 1191 1463 magisterio
1229 1412 1363 1463 atque
1401 1406 1679 1450 institutione
1720 1405 1960 1462 excedunt,
2016 1416 2171 1454 contra
2208 1425 2300 1455 ma·

217 1483 339 1529 ture,
378 1477 478 1533 qui,
508 1491 532 1520 e
562 1475 732 1535 populo
763 1475 965 1530 oriundi,
992 1476 1212 1520 aerumnis
1226 1474 1415 1521 fortasse
1430 1476 1593 1534 pressi,
1617 1476 1705 1521 iam
1732 1489 1759 1520 a
1786 1479 1935 1536 pueris
1963 1492 2179 1525 summum
2208 1488 2302 1527 stu-

217 1547 335 1589 dium
365 1548 413 1589 in
442 1547 582 1589 literis
610 1553 797 1603 ponunt.

329 1617 486 1673 ltaque
516 1614 797 1666 zenodotus,
827 1615 1025 1672 quamvis
1053 1627 1168 1673 puer
1194 1613 1338 1658 adhuc
1366 1619 1444 1659 aut
1473 1612 1858 1669 adolescentulus,
1882 1629 1976 1662 nnn
2001 1615 2146 1663 solum
2170 1619 2302 1667 Alex-

217 1685 412 1729 andriam
448 1687 624 1729 venisse
660 1683 887 1743 putandus
926 1690 994 1728 est
1028 1684 1110 1728 sed
1151 1686 1199 1729 in
1236 1685 1438 1728 notitiam
1476 1698 1658 1742 quoque
1697 1691 1744 1728 et
1779 1683 2115 1733 familiaritatem
2152 1690 2303 1737 Ptole·

214 1757 326 1799 maei
356 1756 499 1798 Primi.
557 1756 617 1799 Et
645 1755 766 1799 hunc
794 1753 973 1812 quidem
1002 1755 1217 1800 honorem
1246 1756 1343 1798 sine
1372 1752 1512 1798 dubio
1548 1754 1711 1811 insigni
1738 1767 1848 1799 suae
1876 1761 1922 1800 et
1946 1758 2114 1814 ingenii
2144 1767 2190 1805 et
2219 1761 2301 1810 do·

215 1827 382 1869 ctrinae
409 1824 532 1868 laudi
562 1823 730 1869 debuit.
815 1823 952 1867 Unde
982 1824 1067 1868 hoc
1097 1838 1278 1882 quoque
1306 1824 1453 1882 potuit
1481 1822 1603 1876 fieri,
1659 1829 1732 1878 ut,
1790 1837 1889 1867 cum
1919 1838 1993 1869 rex
2020 1830 2179 1886 partini
2216 1845 2300 1879 suo

216 1909 366 1940 amore
412 1893 636 1937 literarum
687 1894 847 1936 ductus
895 1895 1051 1951 partim
1103 1894 1321 1937 Demetrii
1360 1891 1560 1936 Phalerei
1604 1892 1789 1937 consilio
1825 1901 2052 1952 permotus
2104 1912 2301 1958 magnam

214 1968 299 2008 vim
331 1963 543 2007 librorum
575 1976 831 2021 comparare
863 1971 907 2006 et
937 1965 994 2020 iu¹
1021 1963 1133 2007 urhe
1170 1976 1252 2007 sua
1291 1960 1469 2020 capitali
1502 1960 1818 2006 bibliothecam
1858 1977 1957 2007 cum
1993 1964 2157 2013 Museo
2194 1985 2302 2016 con·

216 2038 408 2078 iunctam
455 2034 674 2090 coepisset
723 2032 918 2076 condere
939 2035 1035 2087 25),
1094 2034 1158 2084 ei,
1216 2037 1330 2075 teste
1371 2030 1527 2075 eodem
1566 2031 1705 2074 Suida
1726 2031 1822 2086 2⁶),
1880 2034 2138 2081 Zenodotus
2173 2038 2301 2097 prae..

217 2106 426 2147 ficeretur
450 2101 656 2157 idemque
684 2103 849 2158 primus
880 2109 923 2145 et
949 2103 1034 2145 iam
1064 2102 1120 2145 ab
1151 2102 1238 2145 hoc
1262 2103 1363 2158 ipso
1401 2100 1677 2154 Ptolemaeo,
1736 2101 1844 2159 Lagi
1883 2102 1991 2147 filio.
2073 2106 2126 2149 Id
2154 2114 2301 2155 tamen

218 2173 429 2217 accidisse
459 2185 551 2215 non
579 2177 728 2227 potest
755 2172 876 2227 prius
907 2186 1038 2228 quam
1080 2186 1199 2215 anno
1240 2172 1416 2214 circiter
1453 2169 1759 2216 ducentesimo
1795 2174 2078 2229 nonagesimo
2116 2190 2153 2219 a.
2191 2179 2300 2224 Chr.

271 2256 403 2300 ,quo
437 2239 615 2298 quidem
647 2239 778 2283 Soter
808 2241 984 2297 triginta
1014 2240 1108 2283 fere
1138 2254 1279 2284 annos
1310 2246 1355 2283 et
1384 2238 1507 2296 quod
1536 2240 1762 2294 excurrit,
1804 2250 2086 2296 regnaverat,
2135 2254 2180 2291 et
2207 2264 2318 2307 quov

217 2312 476 2359 zenodotus
505 2316 684 2368 poterat
713 2324 842 2366 agere
872 2325 1037 2354 aunum
1062 2311 1217 2354 aetatis
1249 2311 1534 2361 tricesimum,
1590 2310 1628 2353 si
1658 2308 1837 2367 quidem
1864 2326 2017 2356 verum
2047 2321 2135 2368 est,
2177 2321 2302 2378 quod

215 2400 346 2443 supra
376 2380 674 2441 ponebamus,
729 2387 881 2423 natum
910 2395 1009 2424 eum
1040 2395 1137 2424 esse
1166 2379 1293 2425 initio
1322 2379 1446 2437 regui
1473 2377 1715 2424 Ptolemaei
1750 2380 1893 2425 Primi.
1976 2382 2179 2443 Namque
2210 2396 2301 2434 tum

215 2454 389 2499 denium
448 2452 507 2504 (ιι.
526 2464 562 2493 e.
593 2462 691 2492 cum
721 2446 975 2492 Cassander
1019 2456 1219 2492 mortuus
1260 2454 1402 2502 esset,
1460 2449 1486 2490 i.
1506 2464 1542 2492 e.
1580 2461 1698 2493 anno
1749 2448 2054 2497 ducentesimo
2105 2470 2302 2516 nonage-

217 2527 326 2569 simo
357 2527 479 2565 sexto
509 2535 546 2562 a.
573 2519 679 2562 Chr.
722 2521 784 2573 ιι.)
818 2520 952 2563 istum
979 2519 1269 2571 Demetrium,
1306 2519 1433 2562 cuius
1472 2520 1734 2563 auctoritate
1767 2527 1996 2577 permotus
2029 2537 2106 2568 rex
2140 2525 2303 2573 biblio-

287 2651 351 2697 23)
400 2647 600 2696 Legendus
626 2647 810 2694 Droysen.
832 2648 875 2683 11.
898 2647 1036 2692 allatis,
1061 2646 1221 2684 Geierus
1242 2646 1354 2696 p.49.

286 2710 348 2755 24)
398 2707 699 2756 Philadelphum
724 2706 837 2742 initio
862 2707 976 2742 nimis
1002 2706 1177 2742 deditum
1206 2706 1325 2743 fuine
1354 2707 1547 2754 luxuriae,
1592 2713 1750 2747 testatur
1776 2707 2031 2757 Phylarchus.
2060 2710 2198 2751 Athen.
2220 2715 2299 2762 xn,

422 2766 481 2802 51.
507 2763 654 2813 (pfl-30.
678 2766 735 2810 Ε.)
784 2764 898 2814 Apud
920 2762 1054 2800 Lucht.
1076 2766 1159 2800 Wo-
1170 2765 1266 2800 XLI.

288 2828 349 2873 25)
395 2828 457 2863 De
483 2824 556 2860 hae
582 2837 620 2860 re
645 2825 802 2872 copiose
827 2817 1044 2873 disputavit
1059 2823 1184 2861 Geiet·
1207 2819 1425 2873 p.61.‘·qq.‘

287 2887 349 2932 26)
395 2885 558 2921 Ibidem.
