2508 3576
932 219 1042 279 Dc
1135 221 1481 278 Zenodoto

625 360 635 371 ’
701 343 964 409 eiusque
1021 339 1258 392 studiis
1307 341 1690 392 Homericis.

166 545 288 631 Ex
338 603 428 647 quo
477 588 729 635 Fridericus
758 591 986 650 Augustus
1017 588 1245 642 Wolfius‚
1303 603 1417 649 quae
1458 596 1552 634 erat
1585 602 1752 633 summa
1791 589 1886 633 eius
1924 588 2040 632 acies
2078 590 2242 645 ingenii

167 664 214 700 et
242 657 468 711 doctrina,
512 660 686 703 criticos
721 672 834 716 quos
872 659 1026 702 dicunt
1052 651 1327 703 homines'in
1356 658 1642 703 emendandis
1674 659 2033 717 explicandisque
2060 659 2242 702 Homeri

165 724 431 771 carminibus
460 726 517 772 ab
546 742 657 780 ovo,
700 735 751 772 ut
775 728 823 772 in
852 726 1090 786 proverbio
1120 735 1210 781 est,
1258 729 1452 787 incipere
1482 728 1655 780 docuit,
1701 728 1740 770 h.
1771 744 1808 772 e.
1849 731 1994 772 omnia
2033 730 2240 779 omnium,

165 797 243 852 qui
267 803 397 840 antea
426 810 622 854 unquam
650 797 881 849 fuissent,v
916 798 1205 856 interpretum
1234 805 1369 855 atque
1418 797 1749 841 emendatorum
1785 798 1932 842 studia
1973 797 2240 855 perlustrare

164 867 281 919 sive,
327 873 379 909 ut
406 864 548 909 dicam
577 864 778 919 brevius,
816 868 943 924 quasi
971 867 1197 910 historiam
1224 868 1598 924 interpretationis
1630 874 1764 923 atque
1795 867 2112 912 emendationis
2141 866 2240 911 illo·

163 927 259 979 rum
287 943 539 994 poematum
564 950 854 993 cognoscere,
914 949 1008 981 non
1040 935 1280 980 deruerunt
1304 937 1387 979 viri
1417 935 1559 991 docti,
1615 937 1715 993 qui,
1773 952 1870 980 cum
1909 935 2241 988 intellexissent,

162 1016 293 1063 quam
322 1012 443 1049 recte
474 1012 518 1050 et
547 1012 648 1064 apte
677 1004 733 1049 ad
762 1019 854 1050 rem
876 1006 960 1050 ista
989 1006 1102 1049 ratio
1143 1006 1371 1064 proposita
1410 1012 1526 1049 esset
1563 1012 1697 1063 atque
1734 1008 1955 1059 instituta,
1996 1005 2238 1065 exemplum

162 1073 281 1119 illius
324 1074 512 1119 hominis
557 1082 853 1133 sequerentur
894 1075 966 1119 vel
1005 1071 1173 1120 acriore
1203 1077 1332 1119 etiam
1362 1074 1528 1118 iudicio
1558 1090 1609 1117 ac
1640 1078 1801 1119 maiore
1833 1076 2054 1133 diligentia
2086 1090 2239 1132 quam-

162 1158 339 1202 cunque
373 1143 429 1189 de
453 1145 544 1189 vita
572 1144 754 1189 Homeri
785 1152 829 1189 et
859 1144 915 1188 dc
944 1146 1044 1188 satis
1080 1146 1174 1188 eius
1215 1146 1454 1204 carminum
1493 1147 1787 1187 narrationem
1819 1147 2132 1218 investigantes
2174 1153 2240 1188 at·

162 1229 251 1271 que
280 1215 573 1278 excutientes,
600 1213 724 1258 velut
749 1217 1050 1258 recentissimo
1081 1222 1279 1277 tempore
1304 1200 1580 1267 Nitzsehius‚
1618 1217 1655 1257 is
1694 1216 1811 1272 ipse,
1870 1216 1945 1272 qui
1976 1213 2238 1258 academiam

159 1274 469 1327 Kiloniensem
502 1289 548 1327 et
576 1281 826 1328 eruditione
854 1297 935 1328 sua
965 1289 1009 1327 et
1037 1281 1245 1341 politiore
1275 1282 1547 1326 humanitate
1592 1290 1736 1327 ornat.
1795 1282 1951 1340 Quid?
1989 1282 2109 1339 quod
2150 1286 2240 1326 sin-

159 1350 360 1410 gulorum
392 1351 625 1397 doctorum
653 1352 899 1405 hominum,
958 1353 1035 1409 qui
1072 1353 1317 1408 antiquitus
1354 1351 1554 1401 fuerunt,
1612 1351 1760 1394 studia
1801 1354 2035 1408 separatim
2078 1361 2237 1408 coepta

158 1428 263 1466 sunt
286 1423 474 1480 exquiri,
531 1428 582 1465 ut
610 1414 870 1474 Aristarchi,
926 1421 983 1464 de
1013 1422 1138 1464 cuius
1171 1420 1329 1464 studiis
1357 1419 1601 1463 Homericis
1630 1433 1776 1477 nuper
1804 1420 1934 1464 docte
1975 1428 2018 1464 et
2057 1423 2235 1477 copiose

159 1492 360 1550 exposuit
389 1490 601 1553 Lehrsius
629 1486 681 1535 in
704 1489 820 1536 libro
850 1487 1085 1550 singulari,
1120 1491 1195 1548 qui
1224 1504 1342 1534 anno
1371 1489 1502 1532 huius
1542 1488 1708 1533 saeculi
1761 1492 1982 1534 tricesimo
2021 1493 2149 1535 tertio
2189 1491 2234 1534 iu

155 1560 299 1607 lucem
328 1567 395 1606 est
420 1559 579 1605 editus.

268 1632 328 1676 Et
369 1644 477 1675 sane
520 1631 638 1674 inter
674 1645 751 1675 eos
797 1633 993 1681 criticos,
1052 1631 1129 1690 qui
1166 1629 1269 1672 olim
1307 1631 1509 1672 vixerunt
1551 1644 1603 1672 ac
1640 1628 1697 1674 de
1735 1629 1915 1674 Homeri
1954 1628 2231 1687 poematibus

153 1704 271 1749 hene
299 1707 580 1752 meruerunt,
609 1700 738 1743 facile
764 1703 970 1760 princeps
998 1699 1231 1743 habendus
1262 1707 1328 1743 est
1356 1699 1635 1743 Aristarchus
1675 1697 1867 1757 ideoque
1902 1714 2008 1757 prae
2046 1700 2230 1745 caeteris

154 1773 312 1831 dignus
345 1777 461 1822 erat,
519 1772 646 1813 cuius
675 1785 809 1828 opera
839 1779 883 1812 et
911 1770 1038 1813 labor
1066 1771 1150 1812 hoc
1187 1772 1234 1813 in
1270 1785 1433 1826 genere
1470 1767 1779 1814 illustraretur.
1862 1768 2029 1813 Notum
2069 1775 2135 1815 est
2178 1783 2229 1813 ac

152 1840 476 1901 pervulgatum,
528 1854 628 1882 eum
674 1839 969 1882 Alexandriae
1013 1841 1182 1882 vixisse.
1268 1837 1358 1882 Sed
1402 1839 1448 1882 in
1490 1853 1540 1882 ea
1581 1836 1689 1882 urhe
1728 1852 1819 1882 non
1857 1838 2022 1895 primus
2059 1838 2228 1883 invenit

150 1912 270 1956 illam
298 1913 412 1952 viam
439 1923 490 1950 ac
516 1910 753 1957 rationem3
814 1910 943 1951 immo
984 1909 1097 1950 hanc
1134 1904 1309 1950 laudem
1347 1908 1516 1964 paravit
1554 1905 1640 1950 sibi
1681 1922 1732 1950 ac
1764 1907 1961 1965 postulat
1999 1907 2110 1952 alius
2145 1910 2227 1960 vir,

150 1988 321 2027 tantum
347 1993 438 2022 non
469 1992 550 2035 par
590 1976 839 2020 Aristarcho
879 1984 924 2021 et
961 1976 1079 2020 haud
1118 1978 1261 2019 minus
1300 1974 1617 2027 memorabilis,
1675 1976 1957 2027 zenodotus,
2016 1977 2091 2033 qui
2130 1979 2226 2034 qui·

150 2052 250 2096 dem
287 2049 378 2093 illic
414 2048 540 2106 quasi
583 2046 869 2090 fundamenta
907 2047 1057 2104 posuit
1097 2046 1272 2092 criticae
1311 2046 1437 2097 artis,
1483 2045 1580 2089 b.e.
1630 2045 1724 2089 eius
1774 2044 2052 2102 disciplinae,
2111 2060 2226 2106 quae

147 2126 350 2166 versatur
394 2119 442 2161 in
471 2115 748 2175 .explicando
794 2115 1113 2175 purgandoque
1158 2127 1183 2158 a
1229 2115 1346 2159 vitiis
1392 2121 1601 2159 contextu
1647 2115 1884 2169 sermonis,
1944 2117 2021 2172 qui
2071 2121 2136 2159 est
2179 2117 2223 2159 iu

148 2191 320 2247 scriptis
355 2195 565 2230 veterum.
649 2187 692 2229 Is
722 2187 852 2242 igitur
881 2184 999 2228 haud
1032 2186 1175 2229 minus
1205 2184 1458 2228 Aristarcho
1486 2183 1642 2240 dignus
1673 2183 1826 2235 suerit,
1886 2184 1931 2225 in
1969 2184 2093 2225 cuius
2131 2192 2223 2226 stu-

148 2264 221 2307 dia
266 2256 519 2314 diligentius
567 2255 818 2314 inquirant,
889 2255 965 2312 qui
1014 2260 1218 2297 accurate
1255 2254 1436 2298 Homeri
1473 2253 1661 2296 carmina
1700 2250 1944 2308 intelligere
1989 2258 2123 2308 atque
2162 2252 2218 2294 de

147 2344 300 2378 eorum
327 2327 498 2370 ratione
525 2332 646 2370 recte
674 2332 870 2369 statuere
898 2323 1047 2367 velint.
1114 2324 1173 2367 Et
1210 2337 1293 2367 nos
1333 2322 1510 2379 quidem
1550 2336 1647 2364 cum
1687 2320 1743 2362 de
1782 2321 1863 2361 hae
1909 2335 1954 2361 re
1995 2321 2217 2364 scribendi

143 2401 342 2445 lahorem
371 2396 716 2451 susceperimus,
780 2394 1047 2440 instituimus
1086 2394 1270 2450 primum
1306 2392 1362 2436 de
1401 2392 1490 2435 vita
1528 2389 1767 2442 Zenodoti,
1822 2388 1985 2432 deinde
2023 2390 2080 2433 de
2121 2393 2214 2434 eius

143 2469 300 2515 studiis
328 2463 573 2509 Homericis
603 2477 834 2522 exponere.

255 2533 537 2579 Zenodotum
566 2539 718 2577 natum
748 2533 885 2577 fuisse
913 2531 1103 2590 Ephesi,
1132 2529 1292 2575 illustri
1317 2530 1451 2574 Asiae
1487 2527 1622 2579 urhe,
1685 2541 1799 2585 quac
1838 2534 1882 2570 ct
1918 2529 2013 2584 ipsa
2053 2527 2211 2584 gloria-

139 2610 275 2654 hatu‘r
302 2619 351 2648 se
379 2604 582 2661 genuisse
612 2603 868 2655 Homerum,
926 2615 1018 2645 non
1046 2598 1179 2643 modo
1209 2597 1368 2642 Suidas
1391 2601 1431 2652 ¹)
1517 2604 1704 2641 testatur
1729 2609 1880 2638 verum
1918 2598 2047 2639 etiam
2097 2596 2209 2641 illud

137 2704 416 2727 “⁶⁹⁴'‘-
473 2681 474 2684 Ἰ
568 2725 572 2728 .

231 2765 268 2810 Ῐ)
324 2763 360 2799 S.
384 2774 419 2797 v.
444 2757 613 2800 Ζηνὸδοτος.
